@article{Carstensen.2008b,
  author = {Bendix Carstensen and Julie Simpson and Lyle. C. Gurrin},
  title = {Statistical Models for Assessing Agreement in Method Comparison Studies with Replicates Measurements}, 
  journal = {The International Journal of Biostatistics},
  volume = 4,
  year = 2008, 
  pages = {Article 16}
}


@book{Carstensen.2010b,
  author = {Bendix Carstensen},
  title = {Comparing Clinical Measurement Methods: A Practical Guide}, 
  year = 2010, 
  publisher = {Wiley}
}



@article{Bland:Altman.1999,
  author = {J. M. Bland and D. G. Altman},
  title = {Measuring Agreement in Method Comparison Studies}, 
  journal = {Statistical Methods in Medical Research},
  volume = 8,
  year = 1999, 
  pages = {135--160}
}


@InBook{fleiss:etal:2004,
  author = 	 {J. L. Fleiss and B. Levin and M. C. Paik},
  title = 	 {Statistical Methods for Rates and Proportions},
  chapter = 	 {The Measurement of Interrater Agreement},
  publisher = 	 {John Wiley \& Sons},
  year = 	 {2004},
  OPTkey = 	 {},
  OPTvolume = 	 {},
  OPTnumber = 	 {},
  OPTseries = 	 {},
  address = 	 {Hoboken, NJ, USA},
  edition = 	 {3rd},
  OPTmonth = 	 {},
  OPTnote = 	 {},
  OPTannote = 	 {}
}

 @Manual{R,
    title = {\R: A Language and Environment for Statistical Computing},
    author = {{R Core Team}},
    organization = {R Foundation for Statistical Computing},
    address = {Vienna, Austria},
    year = {2012},
    note = {{ISBN} 3-900051-07-0},
    url = {http://www.R-project.org/},
  }

@Manual{gplots,
    title = {\pkg{gplots}: Various R programming tools for plotting data},
    author = {Gregory R. Warnes and Ben Bolker and Lodewijk Bonebakker and Robert Gentleman and Wolfgang Huber Andy Liaw and Thomas Lumley and Martin Maechler and Arni Magnusson and Steffen Moeller and Marc Schwartz and Bill Venables},
    year = {2012},
    note = {R package version 2.11.0},
    url = {http://CRAN.R-project.org/package=gplots},
  }


@Manual{Epi,
  title  = {\pkg{Epi}: A Package for Statistical Analysis in Epidemiology},
  author = {Bendix Carstensen and Martyn Plummer and Esa Laara and Michael Hills},
  year   = {2012},
  note   = {\R~package version~1.1.36},
  url    = {http://CRAN.R-project.org/package=Epi},
}

  @Book{lattice,
    title = {\pkg{Lattice}: Multivariate Data Visualization with \R},
    author = {Deepayan Sarkar},
    publisher = {Springer},
    address = {New York},
    year = {2008},
    note = {ISBN 978-0-387-75968-5},
    url = {http://lmdvr.r-forge.r-project.org},
  }

 @Manual{MethComp,
    title = {MethComp: Functions for analysis of agreement in method comparison
studies.},
    author = {Bendix Carstensen and Lyle Gurrin and Claus Thorn Ekstr{\o}m and Michal Figurski},
    year = {2013},
    note = {R package version 1.22},
    url = {http://CRAN.R-project.org/package=MethComp},
  }

@Book{Kilem2012,
  author = 	 {Kilem L. Gwet},
  edition = 	 {3rd},
  title = 	 {Handbook of Inter-Rater Reliability: The Definitive Guide to Measuring the Extent of Agreement Among Multiple Raters},
  publisher = 	 {Advanced Analytics},
  year = 	 {2012}
}


@Book{Shoukri2010,
  author = 	 {Mohamed M. Shoukri},
  title = 	 {Measures of Interobserver Agreement and Reliability},
  publisher = 	 {Chapman \& Hall},
  year = 	 {2010},
  OPTkey = 	 {},
  OPTvolume = 	 {},
  OPTnumber = 	 {},
  OPTseries = 	 {},
  OPTaddress = 	 {},
  edition = 	 {2nd},
  OPTmonth = 	 {},
  OPTnote = 	 {},
  OPTannote = 	 {}
}

@Article{BlanAltm:2007,
  author = 	 {J. Martin Bland and Douglas G. Altman},
  title = 	 {Agreement between methods of measurement with multiple observations per individual},
  journal = 	 {Journal of Biopharmaceutical Statistics},
  year = 	 {2007},
  volume = 	 {17},
  pages = 	 {571--582},
}


@TechReport{ISO1994,
  author = 	 {ISO},
  title = 	 {Accuracy (trueness and precision) of measurement methods and results --- Part 1: General principles and definitions},
  institution =  {International Organization for Standardization},
  year = 	 {1994},
}


@Manual{SensoMineR,
    title = {\pkg{SensoMineR}: Sensory data analysis with R},
    author = {Francois Husson and Sebastien Le and Marine Cadoret},
    year = {2014},
    note = {R package version 1.20},
    url = {http://CRAN.R-project.org/package=SensoMineR},
  }

@Article{Choud2008,
  author = 	 {P. K. Choudhary},
  title = 	 {A tolerance omterval approach for assessment of agreement in method comparison studies with repeated measurements},
  journal = 	 {Journal of Statistical Planning and Inference},
  year = 	 {2008},
  volume = 	 {138},
  pages = 	 {1102--1115}
}

@Article{Barnhart2007,
  author = 	 {H. X. Barnhart and M. J. Haber and L. Lin},
  title = 	 {An overview of assessing agreement with continuous measurements},
  journal = 	 {Journal of Biopharmaceutical Statistics},
  year = 	 {2007},
  volume = 	 {17},
  pages = 	 {529--569}
}

@Article{Rousson2002,
  author = 	 {V. Rousson and T. Gasser and B. Seifert},
  title = 	 {Assessing interrater, interrater and test-retest reliability of continuous measurements},
  journal = 	 {Journal of Statistical Planning and Inference},
  year = 	 {2002},
  volume = 	 {21},
  pages = 	 {3431--3446}
}

